@misc{SampTA2023,
  title        = {``Modulation Spaces and the Curse of Dimensionality''},
  howpublished = {International Conference on Sampling Theory and Applications (SampTA), New Haven, Connecticut, USA},
  date         = {2023-07},
  keywords     = {oc},
}

@misc{ICASSP2022,
  title        = {``On Continuous-Domain Inverse Problems with Sparse Superpositions of Decaying Sinusoids as Solutions''},
  howpublished = {IEEE International Conference on Acoustics, Speech, and Signal Processing (ICASSP), Singapore},
  date         = {2022-05},
  keywords     = {oc},
}
