@misc{CPAL2025,
  title        = {``A Function-Space Tour of Data Science''},
  howpublished = {Conference on Parsimony and Learning (CPAL), Stanford, California, USA},
  date         = {2025-03},
  url = {https://function-space-tour.github.io/cpal/},
  keywords     = {tut},
}