@misc{UCSB2025,
  title        = {``Function-Space Models for Deep Learning''},
  howpublished = {Applied Math/PDE/Data Science Seminar, Department of Mathematics, University of California, Santa Barbara},
  date         = {2025-05},
  keywords     = {u},
}

@misc{ETH2025,
  title        = {``Function-Space Models for Deep Learning''},
  howpublished = {Colloquium on Signal Processing and Machine Learning, Department of Information Technology and Electrical Engineering, ETH Zürich},
  date         = {2025-04},
  keywords     = {u},
}

@misc{PSU2025,
  title        = {``Function-Space Models for Deep Learning''},
  howpublished = {Joint Seminar on Mathematical Data Science, PSU + Purdue + UMD},
  date         = {2025-02},
  keywords     = {u},
}

@misc{UCSD2025Prob,
  title        = {``Characteristic Functionals and the Innovations Approach to Stochastic Processes With Applications to Random Neural Networks''},
  howpublished = {Probability Seminar, Department of Mathematics, University of California, San Diego},
  date         = {2025-02},
  keywords     = {u},
}

@misc{Caltech2025,
  title        = {``Function-Space Models for Deep Learning''},
  howpublished = {Frontiers in Electrical Engineering, Caltech},
  date         = {2025-02},
  keywords     = {u},
}

@misc{UCSD2025MoD,
  title        = {``Function-Space Models for Deep Learning''},
  howpublished = {Mathematics of Data Science Seminar, Department of Mathematics, University of California, San Diego},
  date         = {2025-01},
  keywords     = {u},
}

@misc{MIT2024,
  title        = {``Deep Learning Meets Sparse Regularization''},
  howpublished = {Seminar, Department of Electrical Engineering and Computer Science, Massachusetts Institute of Technology},
  date         = {2024-03},
  keywords     = {u},
}

@misc{UCSD2024,
  title        = {``Deep Learning Meets Sparse Regularization''},
  howpublished = {Seminar, Department of Electrical and Computer Engineering, University of California, San Diego},
  date         = {2024-02},
  keywords     = {u},
}

@misc{CUBoulder2024,
  title        = {``Deep Learning Meets Sparse Regularization''},
  howpublished = {Seminar, Department of Applied Mathematics, University of Colorado, Boulder},
  date         = {2024-02},
  keywords     = {u},
}

@misc{Alberta2024,
  title        = {``Deep Learning Meets Sparse Regularization''},
  howpublished = {Seminar, Department of Computing Science, University of Alberta},
  date         = {2024-02},
  keywords     = {u},
}

@misc{Rutgers2024,
  title        = {``Deep Learning Meets Sparse Regularization''},
  howpublished = {Seminar, Department of Mathematics, Rutgers University},
  date         = {2024-01},
  keywords     = {u},
}

@misc{CUHKSZ2024,
  title        = {``Deep Learning Meets Sparse Regularization''},
  howpublished = {School of Science and Engineering Seminar, Chinese University of Hong Kong, Shenzhen},
  date         = {2024-01},
  keywords     = {u},
}

@misc{WashU2023,
  title        = {``Deep Learning Meets Sparse Regularization''},
  howpublished = {Seminar, Departments of Electrical and Systems Engineering + Statistics and Data Science, Washington University in St. Louis},
  date         = {2023-12},
  keywords     = {u},
}

@misc{ETH2023,
  title        = {``Deep Learning Meets Sparse Regularization''},
  howpublished = {Chair for Mathematical Information Science Seminar, ETH Zürich},
  date         = {2023-12},
  keywords     = {u},
}

@misc{UCLouvain2023,
  title        = {``Deep Learning Meets Sparse Regularization''},
  howpublished = {Statistics Seminar, Université Catholique de Louvain},
  date         = {2023-11},
  keywords     = {u},
}

@misc{MPI2023,
  title        = {``Deep Learning Meets Sparse Regularization''},
  howpublished = {Math Machine Learning Seminar, Max Planck Institute for Mathematics in the Sciences
 + University of California, Los Angeles},
  date         = {2023-09},
  keywords     = {u},
}

@misc{JHU2022,
  title        = {``Regularizing Neural Networks via Radon-Domain Total Variation''},
  howpublished = {Mathematical Institute for Data Science (MINDS) Seminar, Johns Hopkins University},
  date         = {2022-11},
  keywords     = {u},
}

@misc{Simons2021,
  title        = {``What Kinds of Functions Do Neural Networks Learn?''},
  howpublished = {Working Group on Mean Field Neural Networks, Simons Institute for the Theory of Computing},
  date         = {2021-11},
  keywords     = {u},
}

@misc{Wisc2021,
  title        = {``On BV Spaces, Splines, and Neural Networks''},
  howpublished = {Analysis Seminar, Department of Mathematics, University of Wisconsin--Madison},
  date         = {2021-11},
  keywords     = {u},
}

@misc{IFDS2020,
  title        = {``A Representer Theorem for Single-Hidden Layer Neural Networks''},
  howpublished = {Institute for Foundations of Data Science (IFDS) Seminar, University of Wisconsin–Madison},
  date         = {2020-07},
  keywords     = {u},
}

@misc{HAMLET2019,
  title        = {``Neural Networks Learn Splines''},
  howpublished = {Human, Animal, and Machine Learning: Experiment and Theory (HAMLET) Seminar, University of Wisconsin–Madison},
  date         = {2019-10},
  keywords     = {u},
}

@misc{IFDS2019,
  title        = {``Minimum `Norm' Neural Networks and Splines''},
  howpublished = {Institute for Foundations of Data Science (IFDS) Seminar, University of Wisconsin–Madison},
  date         = {2019-09},
  keywords     = {u},
}