% 2025

@unpublished{mcdermott2025lola,
  title={LoLA: Low-Rank Linear Attention With Sparse Caching},
  author={McDermott, Luke and Heath Jr., Robert W. and Parhi, Rahul},
  year={2025},
  eprinttype   = {arxiv},
  eprintclass  = {cs.CL},
  eprint       = {2505.23666},
  date         = {2025-05},
  keywords     = {m},
  arxiv        = {2505.23666},
  abbr         = {arXiv},
  bibtex_show  = {true}
}

@unpublished{devore2025optimal,
  title        = {Optimal Recovery Meets Minimax Estimation},
  author       = {DeVore, Ronald and Nowak, Robert D. and Parhi, Rahul and Petrova, Guergana and Siegel, Jonathan W.},
  year         = 2025,
  eprinttype   = {arxiv},
  eprintclass  = {math.ST},
  eprint       = {2502.17671},
  date         = {2025-02},
  keywords     = {m},
  arxiv        = {2502.17671},
  abbr         = {arXiv},
  bibtex_show  = {true}
}

@unpublished{kamber2025sharpness,
  title        = {Sharpness of Minima in Deep Matrix Factorization: Exact Expressions},
  author       = {Kamber, AnÄ±l and Parhi, Rahul},
  year         = 2025,
  eprinttype   = {arxiv},
  eprintclass  = {stat.ML},
  eprint       = {2509.25783},
  date         = {2025-09},
  keywords     = {m},
  arxiv        = {2509.25783},
  abbr         = {arXiv},
  bibtex_show  = {true},
  selected     = {true},
}
